@book{adams1995hitchhiker,
  title={The Hitchhiker's Guide to the Galaxy},
  author={Adams, D.},
  isbn={9781417642595},
  url={http://books.google.com/books?id=W-xMPgAACAAJ},
  year={1995},
  publisher={San Val}
}

@article{mcdougall2005stratigraphic,
  title={Stratigraphic placement and age of modern humans from Kibish, Ethiopia},
  author={McDougall, Ian and Brown, Francis H and Fleagle, John G},
  journal={Nature},
  volume={433},
  number={7027},
  pages={733},
  year={2005},
  publisher={Nature Publishing Group}
}

@article{dobzhansky2013nothing,
  title={Nothing in biology makes sense except in the light of evolution},
  author={Dobzhansky, Theodosius},
  journal={The american biology teacher},
  volume={75},
  number={2},
  pages={87--91},
  year={2013},
  publisher={BioOne}
}

@book{clark1998being,
  title={Being there: Putting brain, body, and world together again},
  author={Clark, Andy},
  year={1998},
  publisher={MIT press}
}

@book{darwin2004origin,
  title={On the origin of species, 1859},
  author={Darwin, Charles},
  year={2004},
  publisher={Routledge}
}

@article{lenski2003evolutionary,
  title={The evolutionary origin of complex features},
  author={Lenski, Richard E and Ofria, Charles and Pennock, Robert T and Adami, Christoph},
  journal={Nature},
  volume={423},
  number={6936},
  pages={139--144},
  year={2003},
  publisher={Nature Publishing Group}
}

@book{huxley1942evolution,
  title={Evolution the modern synthesis},
  author={Huxley, Julian},
  year={1942},
  publisher={George Allen and Unwin}
}

@article{Pennock:2007iy,
author = {Pennock, Robert T},
title = {{Models, simulations, instantiations, and evidence: the case of digital evolution}},
journal = {Journal of Experimental {\&} Theoretical Artificial Intelligence},
year = {2007},
volume = {19},
number = {1},
pages = {29--42},
month = mar
}

@inproceedings{adami1994evolutionary,
  title={Evolutionary learning in the 2D artificial life system ‘Avida’},
  author={Adami, Chris and Brown, C Titus and Kellogg, W},
  booktitle={Artificial life IV},
  volume={1194},
  pages={377--381},
  year={1994},
  organization={MIT press Cambridge, MA}
}

@article{knibbe2007long,
  title={A long-term evolutionary pressure on the amount of noncoding DNA},
  author={Knibbe, Carole and Coulon, Antoine and Mazet, Olivier and Fayard, Jean-Michel and Beslon, Guillaume},
  journal={Molecular biology and evolution},
  volume={24},
  number={10},
  pages={2344--2353},
  year={2007},
  publisher={Oxford University Press}
}

@article{stanley2002evolving,
  title={Evolving neural networks through augmenting topologies},
  author={Stanley, Kenneth O and Miikkulainen, Risto},
  journal={Evolutionary computation},
  volume={10},
  number={2},
  pages={99--127},
  year={2002},
  publisher={MIT Press}
}

@inproceedings{gauci2007generating,
  title={Generating large-scale neural networks through discovering geometric regularities},
  author={Gauci, Jason and Stanley, Kenneth},
  booktitle={Proceedings of the 9th annual conference on Genetic and evolutionary computation},
  pages={997--1004},
  year={2007},
  organization={ACM}
}

@misc{MABE2016,
  author = {Hintze, Arend and Bohm, Clifford},
  title = {MABE},
  year = {2016},
  publisher = {GitHub},
  journal = {GitHub repository},
  howpublished = {\url{https://github.com/Hintzelab/MABE}},
  note = {Accessed: 2019-02-19}
}

@inproceedings{bohm2017mabe,
  title={MABE (modular agent based evolver): A framework for digital evolution research},
  author={Bohm, Clifford and Hintze, Arend},
  booktitle={Artificial Life Conference Proceedings 14},
  pages={76--83},
  year={2017},
  organization={MIT Press}
}

@article{russell1995modern,
  title={A modern approach},
  author={Russell, Stuart and Norvig, Peter and Intelligence, Artificial},
  journal={Artificial Intelligence. Prentice-Hall, Egnlewood Cliffs},
  volume={25},
  pages={27},
  year={1995}
}

@misc{dknoester2016ealib,
  title = {EALib: An Evolutionary Algorithms Library},
  author = {David Knoester},
  howpublished = {\url{https://github.com/dknoester/ealib}},
  note = {Accessed: 2019-02-19}
}
  
@misc{linietsky2007godot,
  title = {Godot Engine - Free and open source 2D and 3D game engine},
  author={Juan Linietsky, Ariel Manzur},
  year = {2007},
  howpublished = {\url{https://godotengine.org}},
  note = {Accessed: 2019-02-19}
}
  
@article{lee2018dart,
  title={DART: Dynamic animation and robotics toolkit},
  author={Lee, Jeongseok and Grey, Michael X and Ha, Sehoon and Kunz, Tobias and Jain, Sumit and Ye, Yuting and Srinivasa, Siddhartha S and Stilman, Mike and Liu, C Karen},
  journal={The Journal of Open Source Software},
  volume={3},
  number={22},
  pages={500},
  year={2018}
}
  
@inproceedings{miller2008cartesian,
  title={Cartesian genetic programming},
  author={Miller, Julian Francis and Harding, Simon L},
  booktitle={Proceedings of the 10th annual conference companion on Genetic and evolutionary computation},
  pages={2701--2726},
  year={2008},
  organization={ACM}
}

@inproceedings{sims1994evolving,
  title={Evolving virtual creatures},
  author={Sims, Karl},
  booktitle={Proceedings of the 21st annual conference on Computer graphics and interactive techniques},
  pages={15--22},
  year={1994},
  organization={ACM}
}

%Right one?
@inproceedings{komosinski1999framsticks,
  title={Framsticks: Towards a simulation of a nature-like world, creatures and evolution},
  author={Komosi{\'n}ski, Maciej and Ulatowski, Szymon},
  booktitle={European Conference on Artificial Life},
  pages={261--265},
  year={1999},
  organization={Springer}
}

@inproceedings{yaeger1994computational,
  title={Computational genetics, physiology, metabolism, neural systems, learning, vision, and behavior or Poly World: Life in a new context},
  author={Yaeger, Larry},
  booktitle={SANTA FE INSTITUTE STUDIES IN THE SCIENCES OF COMPLEXITY-PROCEEDINGS VOLUME-},
  volume={17},
  pages={263--263},
  year={1994},
  organization={ADDISON-WESLEY PUBLISHING CO}
}

@article{hintze2017markov,
  title={Markov brains: A technical introduction},
  author={Hintze, Arend and Edlund, Jeffrey A and Olson, Randal S and Knoester, David B and Schossau, Jory and Albantakis, Larissa and Tehrani-Saleh, Ali and Kvam, Peter and Sheneman, Leigh and Goldsby, Heather and others},
  journal={arXiv preprint arXiv:1709.05601},
  year={2017}
}

@misc{unrealengine,
  title = {Unreal-Engine},
  howpublished = {\url{https://www.unrealengine.com/en-US/what-is-unreal-engine-4}},
  note = {Accessed: 03-05-2019}
}

@misc{unityengine,
  title = {Unity},
  howpublished = {\url{https://unity3d.com/}},
  note = {Accessed: 03-05-2019}
}

@misc{physxengine,
  title = {PhysX},
  howpublished = {\url{https://www.geforce.com/hardware/technology/physx}},
  note = {Accessed: 03-05-2019}
}

@article{coumans2013bullet,
  title={Bullet physics library},
  author={Coumans, Erwin and others},
  journal={Open source: bulletphysics. org},
  volume={15},
  number={49},
  pages={5},
  year={2013}
}

@article{cheney2014unshackling,
  title={Unshackling evolution: evolving soft robots with multiple materials and a powerful generative encoding},
  author={Cheney, Nick and MacCurdy, Robert and Clune, Jeff and Lipson, Hod},
  journal={ACM SIGEVOlution},
  volume={7},
  number={1},
  pages={11--23},
  year={2014},
  publisher={ACM}
}

@misc{evolDiagram,
  title = {Mutation and selection diagram.svg},
  author={Elembis},
  howpublished = {\url{https://commons.wikimedia.org/wiki/File:Mutation_and_selection_diagram.svg}}, 
  year={2007},
  note = {[CC BY-SA 3.0]. Accessed: 2019-03-11}
}

@misc{DarwinsFinches,
  title = {Darwin's finches by Gould.jpg},
  author={John Gould},
  howpublished = {\url{https://commons.wikimedia.org/wiki/File:Darwin\%27s_finches_by_Gould.jpg}}, 
  license={[Public domain]},
  note = {Accessed: 2019-03-11}
}

@misc{mechTurk,
  title = {Tuerkischer schachspieler windisch4.jpg},
  author={Karl Gottlieb von Windisch},
  howpublished = {\url{https://commons.wikimedia.org/wiki/File:Tuerkischer_schachspieler_windisch4.jpg}},
  note = {[Public domain]. Accessed: 2019-03-11}
}

@misc{mabeModuleChart,
  title = {MABE\_Overview.png},
  author={Hintze Lab},
  howpublished = {\url{https://github.com/Hintzelab/MABE/wiki}},
  note = {Accessed: 2019-03-11}
}

@misc{dino,
  title = {Ankylosaurus dinosaur.png},
  author={Mariana Ruiz Villarreal},
  howpublished = {\url{https://commons.wikimedia.org/wiki/File:Ankylosaurus_dinosaur.png}},
  note = {[Public domain]. Accessed: 2019-03-11}
}

@misc{critterssims,
  title = {default.jpg},
  author={Karl Sims},
  howpublished = {\url{https://archive.org/details/sims_evolved_virtual_creatures_1994}},
  note = {Accessed: 2019-03-11}
}

@misc{polypicture,
  title = {Polyworld.gif},
  howpublished = {\url{https://en.wikipedia.org/wiki/File:Polyworld.gif}},
  note = {[CC BY-SA 3.0]. Accessed: 2019-03-11}
}

@misc{frampic,
  title = {slideD1.jpg},
  author = {Maciej Komosinski \& Szymon Ulatowski},
  howpublished = {\url{http://www.framsticks.com/a/al_pict.html}},
  note = {Accessed: 2019-03-11}
}

@misc{crawling,
  title = {CrawlingCelegans.gif},
  author = {Bob Goldstein},
  howpublished = {\url{http://labs.bio.unc.edu/Goldstein/movies.html}},
  year = {2007},
  note = {\url{https://commons.wikimedia.org/wiki/File:CrawlingCelegans.gif}. [CC BY-SA 3.0]. Accessed: 2019-03-11}
  }